@INPROCEEDINGS{6098224, 
author={K. Boussetta and A. Kaiser and N. Achir}, 
booktitle={Wireless Days (WD), 2011 IFIP}, 
title={Effects of packetization delay on multiplayer gaming experience over ad hoc networks}, 
year={2011}, 
pages={1-6}, 
keywords={ad hoc networks;delays;first person shooter game;multiplayer gaming experience;packetization delay effect;packets losses;single hop ad-hoc network;time-sensitive multiplayer games;wireless technology;Ad hoc networks;Delay;Games;IEEE 802.11 Standards;IP networks;Quality of service;Servers}, 
doi={10.1109/WD.2011.6098224}, 
ISSN={2156-9711}, 
month={Oct},}
@article{DavidBond, author = {David Bond}, title = {Design and implementation of a massively multi-playeronline historical role-playing game}}
@article{DoThoseWhoPlay, author = {Ioana Cărătărescu-Petrică}, title = {Do those who play together stay together? The World of Warcraft community between play, practice and game design}, journal ={Journal of Comparitive Research in Anthropology and Sociology}, volume = {6} number = {1}, issn = {ISSN 2068 – 0317I2068 – 0317}}
	@article{Hainey:2011:DMO:2304793.2305216,
	author = {Hainey, Tom and Connolly, Thomas and Stansfield, Mark and Boyle, Elizabeth},
	title = {The Differences in Motivations of Online Game Players and Offline Game Players: A Combined Analysis of Three Studies at Higher Education Level},
	journal = {Comput. Educ.},
	issue_date = {December, 2011},
	volume = {57},
	number = {4},
	month = dec,
	year = {2011},
	issn = {0360-1315},
	pages = {2197--2211},
	numpages = {15},
	url = {http://dx.doi.org/10.1016/j.compedu.2011.06.001},
	doi = {10.1016/j.compedu.2011.06.001},
	acmid = {2305216},
	publisher = {Elsevier Science Ltd.},
	address = {Oxford, UK, UK},
	keywords = {Empirical evidence, Motivations, Multiplayer, Offline, Online, Participation, Single player},
} 

@article{DoThoseWho,
	author = {Cărătărescu-Petrică, Ioana},
	title = {Do those who play together stay together? The World of
	Warcraft community between play, practice and game design},
	journal = {JOURNAL OF COMPARATIVE RESEARCH IN
	ANTHROPOLOGY AND SOCIOLOGY},
	issue_date = {December, 2011},
	volume = {6},
	number = {1},
	month = jul,
	year = {2015},
	issn = {2068 – 0317},
	pages = {27--53},
	numpages = {26},
} 
@article{Hainey:2011:DMO:2304793.2305216,
	author = {Hainey, Tom and Connolly, Thomas and Stansfield, Mark and Boyle, Elizabeth},
	title = {The Differences in Motivations of Online Game Players and Offline Game Players: A Combined Analysis of Three Studies at Higher Education Level},
	journal = {Comput. Educ.},
	issue_date = {December, 2011},
	volume = {57},
	number = {4},
	month = dec,
	year = {2011},
	issn = {0360-1315},
	pages = {2197--2211},
	numpages = {15},
	url = {http://dx.doi.org/10.1016/j.compedu.2011.06.001},
	doi = {10.1016/j.compedu.2011.06.001},
	acmid = {2305216},
	publisher = {Elsevier Science Ltd.},
	address = {Oxford, UK, UK},
	keywords = {Empirical evidence, Motivations, Multiplayer, Offline, Online, Participation, Single player},
} 
@inproceedings{Christou:2012:EPP:2367616.2367630,
	author = {Christou, Georgios},
	title = {Exploring Player Perceptions That Contribute to the Appeal of World of Warcraft},
	booktitle = {Proceedings of the 4th International Conference on Fun and Games},
	series = {FnG '12},
	year = {2012},
	isbn = {978-1-4503-1570-8},
	location = {Toulouse, France},
	pages = {105--108},
	numpages = {4},
	url = {http://doi.acm.org/10.1145/2367616.2367630},
	doi = {10.1145/2367616.2367630},
	acmid = {2367630},
	publisher = {ACM},
	address = {New York, NY, USA},
	keywords = {MMORPG, World of Warcraft, game design, game experience, player perceptions},
} 

@inproceedings{seriousgames,
	authour ={Anderson, E. F., L. McLoughlin, F. Liarokapis, C. Peters, P. Petridis, and S. de Freitas},
	year = {2010},
	title = {Developing serious games for cultural heritage: a state-of-the-art review}, journal = {Virtual Reality},
	volume ={14},
	issue= {4},
	pages={255-–275}
}

@inproceedings{bowman:2012:EPP:2367616.2367630,
	author = {David Bowman, Nicholas and Schultheiss, Daniel and Schumann, Christina},
	title = {I’m Attached, and I’m a Good Guy/Gal!’’: How Character Attachment Influences Pro- and Anti-Social Motivations to Play Massively Multiplayer Online Role-Playing Game},
	journal = {Cyberpsychology, Behavior, and Social Networking},
	year = {2012},
	isbn = {978-1-4503-1570-8},
	pages = {169-74},
	}

@inproceedings{Fritsch:2005:ELN:1103599.1103623,
	author = {Fritsch, Tobias and Ritter, Hartmut and Schiller, Jochen},
	title = {The Effect of Latency and Network Limitations on MMORPGs: A Field Study of Everquest2},
	booktitle = {Proceedings of 4th ACM SIGCOMM Workshop on Network and System Support for Games},
	series = {NetGames '05},
	year = {2005},
	isbn = {1-59593-156-2},
	location = {Hawthorne, NY},
	pages = {1--9},
	numpages = {9},
	url = {http://doi.acm.org/10.1145/1103599.1103623},
	doi = {10.1145/1103599.1103623},
	acmid = {1103623},
	publisher = {ACM},
	address = {New York, NY, USA},
	keywords = {Everquest2, MMORPG, mobile gaming, network games, user study},
} 
@INPROCEEDINGS{6098224, 
	author={K. Boussetta and A. Kaiser and N. Achir}, 
	booktitle={Wireless Days (WD), 2011 IFIP}, 
	title={Effects of packetization delay on multiplayer gaming experience over ad hoc networks}, 
	year={2011}, 
	pages={1-6}, 
	keywords={ad hoc networks;delays;first person shooter game;multiplayer gaming experience;packetization delay effect;packets losses;single hop ad-hoc network;time-sensitive multiplayer games;wireless technology;Ad hoc networks;Delay;Games;IEEE 802.11 Standards;IP networks;Quality of service;Servers}, 
	doi={10.1109/WD.2011.6098224}, 
	ISSN={2156-9711}, 
	month={Oct},}
@Inbook{Kim2007,
	author="Kim, Jin Ryong
	and Park, Il Kyu
	and Shim, Kwang Hyun",
	editor="Ma, Lizhuang
	and Rauterberg, Matthias
	and Nakatsu, Ryohei",
	title="The Effects of Network Loads and Latency in Multiplayer Online Games",
	bookTitle="Entertainment Computing -- ICEC 2007: 6th International Conference, Shanghai, China, September 15-17, 2007. Proceedings",
	year="2007",
	publisher="Springer Berlin Heidelberg",
	address="Berlin, Heidelberg",
	pages="427--432",
	isbn="978-3-540-74873-1",
	doi="10.1007/978-3-540-74873-1_53",
	url="http://dx.doi.org/10.1007/978-3-540-74873-1_53"
}

@article{Wang:2012:CMG:2331675.2331679,
	author = {Wang, Shaoxuan and Dey, Sujit},
	title = {Cloud Mobile Gaming: Modeling and Measuring User Experience in Mobile Wireless Networks},
	journal = {SIGMOBILE Mob. Comput. Commun. Rev.},
	issue_date = {January 2012},
	volume = {16},
	number = {1},
	month = jul,
	year = {2012},
	issn = {1559-1662},
	pages = {10--21},
	numpages = {12},
	url = {http://doi.acm.org/10.1145/2331675.2331679},
	doi = {10.1145/2331675.2331679},
	acmid = {2331679},
	publisher = {ACM},
	address = {New York, NY, USA},
} 
@inproceedings{helenrankin,
	author={Helen Rankin},
	title={Improving the Security and Correctness of a Historical Massively Multiplayer Online Role-Playing Game Server},
	year={2016},
	journal={Heriot Watt University}
}
@inproceedings{Daiber:2012:DGM:2406367.2406371,
	author = {Daiber, Florian and Li, Lianchao and Kr\"{u}ger, Antonio},
	title = {Designing Gestures for Mobile 3D Gaming},
	booktitle = {Proceedings of the 11th International Conference on Mobile and Ubiquitous Multimedia},
	series = {MUM '12},
	year = {2012},
	isbn = {978-1-4503-1815-0},
	location = {Ulm, Germany},
	pages = {3:1--3:4},
	articleno = {3},
	numpages = {4},
	url = {http://doi.acm.org/10.1145/2406367.2406371},
	doi = {10.1145/2406367.2406371},
	acmid = {2406371},
	publisher = {ACM},
	address = {New York, NY, USA},
	keywords = {3D user interfaces, gestural interaction, mobile gaming, mobile interaction, stereoscopic display},
} 

@INPROCEEDINGS{6150574, 
	author={S. Koceski and N. Koceska}, 
	booktitle={User Science and Engineering (i-USEr), 2011 International Conference on}, 
	title={Interaction between players of mobile phone game with augmented reality (AR) interface}, 
	year={2011}, 
	pages={245-250}, 
	keywords={augmented reality;computer games;mobile computing;social aspects of automation;Fitts law;TeamTwixT game;augmented reality interface;board games;modern video games;multiuser collaborative mobile phone games;social interaction;system performance;team players;user interface performance;augmented reality;collaborative games;human-mobile interaction;mobile games;social interaction}, 
	doi={10.1109/iUSEr.2011.6150574}, 
	month={Nov},}

@INPROCEEDINGS{1354485, 
	author={B. Knutsson and Honghui Lu and Wei Xu and B. Hopkins}, 
	booktitle={INFOCOM 2004. Twenty-third AnnualJoint Conference of the IEEE Computer and Communications Societies}, 
	title={Peer-to-peer support for massively multiplayer games}, 
	year={2004}, 
	volume={1}, 
	pages={107}, 
	keywords={Internet;computer games;SimMud;massively multiplayer game;node failure;online player;peer-to-peer overlay support;player participation;self-organizing group;Availability;Bandwidth;Computational Intelligence Society;Computer architecture;Costs;Frequency;Grid computing;Memory management;Peer to peer computing;Scalability}, 
	doi={10.1109/INFCOM.2004.1354485}, 
	ISSN={0743-166X}, 
	month={March},}

@MISC{Brooke96sus:a,
	author = {John Brooke},
	title = {SUS: A quick and dirty usability scale},
	year = {1996}
}
@online{JCurses,
author = {JCurses},
title = {Java Curses Library},
year = 2001,
url = {https://sourceforge.net/projects/javacurses/},
urldate = {2016-11-16}
}
@online{JMonkey,
	author = {JMonkey},
	title = {JMonkey Engine},
	year = 2016,
	url = {http://jmonkeyengine.org/},
	urldate = {2016-11-16}
}
@online{Unity3D,
	author = {Unity3D},
	title = {Unity 3D},
	year = 2016,
	url = {https://unity3d.com/},
	urldate = {2016-11-16}
}
@online{Protobuf,
	author = {Google},
	title = {Protobuf},
	year = 2016,
	url = {https://developers.google.com/protocol-buffers/},
	urldate = {2016-11-16}
}
@online{ConsoleClass,
	author = {Microsoft},
	title = {C Sharp Console Class},
	year = 2016,
	url = {https://msdn.microsoft.com/en-us/library/system.console(v=vs.110).aspx/},
	urldate = {2016-11-16}
}
@online{AndroidUI,
	author = {Google},
	title = {Android User Interface Overview},
	year = 2016,
	url = {https://developer.android.com/guide/topics/ui/index.html},
	urldate = {2016-11-16}
}
@online{QuickGraph,
	author = {Quick Graph},
	title = {Quick Graph Library},
	year = 2016,
	url = {https://quickgraph.codeplex.com/},
	urldate = {2016-11-16}
}
@online{NUnit,
	author = {NUnit},
	title = {NUnit Testing Framework},
	year = 2016,
	url = {http://www.nunit.org/index.php?p=quickStart&r=2.6.4},
	urldate = {2016-11-16}
}
@online{CacheManager,
	author = {Cache Manager},
	title = {Cache Manager},
	year = 2016,
	url = {http://cachemanager.net/},
	urldate = {2016-11-16}
}
@online{Caffeine,
	author = {Caffeine},
	title = {Caffeine Caching Library},
	year = 2016,
	url = {https://github.com/ben-manes/caffeine},
	urldate = {2016-11-16}
}
@online{Xamarin,
	author = {Xamarin},
	title = {Xamarin},
	year = 2016,
	url = {https://www.xamarin.com/},
	urldate = {2016-11-16}
}
@online{MIT,
	author = {MIT},
	title = {MIT},
	year = 2016,
	url = { http://opensource.org/licenses/MIT},
	urldate = {2016-11-16}
}
@online{BCS,
	author = {BCS},
	title = {BCS Code of Good Practice},
	year = 2016,
	url = {http://www.bcs.org.uk/upload/pdf/cop.pdf},
	urldate = {2016-11-16}
}
@online{unsafe,
	author = {Microsoft},
	title = {Unsafe Code Reference},
	year = 2016,
	url = {https://msdn.microsoft.com/en-us/library/chfa2zb8.aspx},
	urldate = {2016-11-16}
}
@online{vulkan,
	author = {Vulkan},
	title = {Vulkan C++ Library},
	year = 2016,
	url = {https://github.com/KhronosGroup/Vulkan-Hpp},
	urldate = {2016-11-16}
}
@onlne{python,
	author = {Python},
	title = {Python IDLE},
	year = 2016,
	url ={https://docs.python.org/3/library/idle.html},
	urldate = {2016-11-16}
}